@ARTICLE{abbott17a,
   author = {{Abbott}, B.~P. and {Abbott}, R. and {Abbott}, T.~D. and {Acernese}, F. and 
	{Ackley}, K. and {Adams}, C. and {Adams}, T. and {Addesso}, P. and 
	{Adhikari}, R.~X. and {Adya}, V.~B. and et al.},
    title = "{Multi-messenger Observations of a Binary Neutron Star Merger}",
  journal = {\apjl},
archivePrefix = "arXiv",
   eprint = {1710.05833},
 primaryClass = "astro-ph.HE",
 keywords = {gravitational waves, stars: neutron},
     year = 2017,
    month = oct,
   volume = 848,
      eid = {L12},
    pages = {L12},
      doi = {10.3847/2041-8213/aa91c9},
   adsurl = {https://ui.adsabs.harvard.edu/abs/2017ApJ...848L..12A},
  adsnote = {Provided by the SAO/NASA Astrophysics Data System}
}

@ARTICLE{abbott17b,
   author = {{Abbott}, B.~P. and {Abbott}, R. and {Abbott}, T.~D. and {Acernese}, F. and 
	{Ackley}, K. and {Adams}, C. and {Adams}, T. and {Addesso}, P. and 
	{Adhikari}, R.~X. and {Adya}, V.~B. and et al.},
    title = "{Gravitational Waves and Gamma-Rays from a Binary Neutron Star Merger: GW170817 and GRB 170817A}",
  journal = {\apjl},
archivePrefix = "arXiv",
   eprint = {1710.05834},
 primaryClass = "astro-ph.HE",
 keywords = {binaries: close, gamma-ray burst: general, gravitational waves},
     year = 2017,
    month = oct,
   volume = 848,
      eid = {L13},
    pages = {L13},
      doi = {10.3847/2041-8213/aa920c},
   adsurl = {https://ui.adsabs.harvard.edu/abs/2017ApJ...848L..13A},
  adsnote = {Provided by the SAO/NASA Astrophysics Data System}
}
